<record><leader>00000cas a22000007a 4500</leader><controlfield tag="001">24949649</controlfield><controlfield tag="008">911213d19291937riudn ne      0    0eng d</controlfield><datafield ind1=" " ind2=" " tag="010"><subfield code="a">sn 91070638 </subfield></datafield><datafield ind1=" " ind2=" " tag="040"><subfield code="a">RHN</subfield><subfield code="b">eng</subfield><subfield code="c">RHN</subfield><subfield code="d">OCL</subfield><subfield code="d">OCLCQ</subfield><subfield code="d">OCLCF</subfield><subfield code="d">OCLCO</subfield><subfield code="d">IUL</subfield></datafield><datafield ind1=" " ind2=" " tag="019"><subfield code="a">24949579</subfield></datafield><datafield ind1=" " ind2=" " tag="042"><subfield code="a">msc</subfield></datafield><datafield ind1=" " ind2=" " tag="043"><subfield code="a">n-us-ri</subfield></datafield><datafield ind1="0" ind2=" " tag="130"><subfield code="a">News-tribune (Providence, R.I.)</subfield></datafield><datafield ind1="1" ind2="4" tag="245"><subfield code="a">The news-tribune.</subfield></datafield><datafield ind1="3" ind2="0" tag="246"><subfield code="a">Sunday news-tribune</subfield></datafield><datafield ind1=" " ind2=" " tag="260"><subfield code="a">Providence, R.I. :</subfield><subfield code="b">Hope Pub. Co.</subfield></datafield><datafield ind1=" " ind2=" " tag="300"><subfield code="a">v.</subfield></datafield><datafield ind1=" " ind2=" " tag="310"><subfield code="a">Daily (except Sun. and holidays),</subfield><subfield code="b">Dec. 29, 1930-Apr. 3, 1937</subfield></datafield><datafield ind1=" " ind2=" " tag="321"><subfield code="a">Daily (except holidays),</subfield><subfield code="b">Dec. 15, 1929-Dec. 28, 1930</subfield></datafield><datafield ind1="0" ind2=" " tag="362"><subfield code="a">Vol. 27, no. 292 (Dec. 11, 1929)-v. 35, no. 79 (Apr. 3, 1937).</subfield></datafield><datafield ind1=" " ind2=" " tag="500"><subfield code="a">On Sundays published as: The Sunday news-tribune, Dec. 15, 1929-Dec. 28, 1930.</subfield></datafield><datafield ind1=" " ind2=" " tag="515"><subfield code="a">Sunday issues for &lt;July 27&gt;-Dec. 28, 1930 called v. 1, no. 33-v. 2, no. 3.</subfield></datafield><datafield ind1=" " ind2="0" tag="651"><subfield code="a">Providence (R.I.)</subfield><subfield code="v">Newspapers.</subfield></datafield><datafield ind1=" " ind2="7" tag="651"><subfield code="a">Rhode Island</subfield><subfield code="z">Providence.</subfield><subfield code="2">fast</subfield><subfield code="0">(OCoLC)fst01204977</subfield></datafield><datafield ind1=" " ind2="7" tag="655"><subfield code="a">Newspapers.</subfield><subfield code="2">fast</subfield><subfield code="0">(OCoLC)fst01423814</subfield></datafield><datafield ind1=" " ind2=" " tag="752"><subfield code="a">United States</subfield><subfield code="b">Rhode Island</subfield><subfield code="c">Providence</subfield><subfield code="d">Providence.</subfield></datafield><datafield ind1="0" ind2="4" tag="780"><subfield code="t">Providence news (Providence, R.I. : 1918)</subfield><subfield code="w">(DLC)sn 91070639</subfield><subfield code="w">(OCoLC)24949423</subfield></datafield><datafield ind1="0" ind2="4" tag="780"><subfield code="t">Evening tribune (Providence, R.I.)</subfield><subfield code="w">(DLC)sn 91070627</subfield><subfield code="w">(OCoLC)24948628</subfield></datafield><datafield ind1="0" ind2="7" tag="785"><subfield code="t">Rhode Island star</subfield><subfield code="w">(DLC)sn 91070641</subfield><subfield code="w">(OCoLC)24949734</subfield></datafield><datafield ind1="0" ind2="7" tag="785"><subfield code="t">Star-tribune (Providence, R.I.)</subfield><subfield code="w">(DLC)sn 91070642</subfield><subfield code="w">(OCoLC)24950249</subfield></datafield><datafield ind1="1" ind2=" " tag="029"><subfield code="a">AU@</subfield><subfield code="b">000025871879</subfield></datafield></record>